<?xml version="1.0" encoding="UTF-8"?><record xmlns="http://www.loc.gov/MARC21/slim" xmlns:cinclude="http://apache.org/cocoon/include/1.0" xmlns:zs="http://www.loc.gov/zing/srw/">
  <leader>00560nz  a2200145n  4500</leader>
  <controlfield tag="001">no2009151126</controlfield>
  <controlfield tag="003">DLC</controlfield>
  <controlfield tag="005">20090925075531.0</controlfield>
  <controlfield tag="008">090923n| acannaabn          |n aaa     c</controlfield>
  <datafield tag="010" ind1=" " ind2=" ">
    <subfield code="a">no2009151126</subfield>
  </datafield>
  <datafield tag="035" ind1=" " ind2=" ">
    <subfield code="a">(OCoLC)oca08249280</subfield>
  </datafield>
  <datafield tag="040" ind1=" " ind2=" ">
    <subfield code="a">UPB</subfield>
    <subfield code="b">eng</subfield>
    <subfield code="c">UPB</subfield>
  </datafield>
  <datafield tag="100" ind1="1" ind2=" ">
    <subfield code="a">Rufener, Abbie Elizabeth Smith,</subfield>
    <subfield code="d">1980-</subfield>
  </datafield>
  <datafield tag="670" ind1=" " ind2=" ">
    <subfield code="a">Blurring the lines, c2008:</subfield>
    <subfield code="b">t.p. (Abbie Elizabeth Smith Rufener; Thesis (M.A.)--Brigham Young Univ. Dept. of Humanies, Classics, and Comparative Literature)</subfield>
  </datafield>
  <datafield tag="670" ind1=" " ind2=" ">
    <subfield code="a">UPB files, Sept. 22, 2009</subfield>
    <subfield code="b">(hdg.: Rufener, Abbie Elizabeth Smith, 1980-)</subfield>
  </datafield>
</record>